@inproceedings{DBLP:conf/socialcom/KamathC11,
  author    = {Krishna Yeswanth Kamath and
               James Caverlee},
  title     = {Expert-Driven Topical Classification of Short Message Streams},
  booktitle = {SocialCom/PASSAT},
  year      = {2011},
  pages     = {388-393},
  ee        = {http://doi.ieeecomputersociety.org/10.1109/PASSAT/SocialCom.2011.213},
  crossref  = {DBLP:conf/socialcom/2011},
  bibsource = {DBLP, http://dblp.uni-trier.de}
}
