@inproceedings{Caverlee:2011:CEC:2009916.2010161,
 author = {Caverlee, James and Cheng, Zhiyuan and Eoff, Brian and Hsu, Chiao-Fang and Kamath, Krishna and McGee, Jeffrey},
 title = {CrowdTracker: enabling community-based real-time web monitoring},
 booktitle = {Proceedings of the 34th international ACM SIGIR conference on Research and development in Information},
 series = {SIGIR '11},
 year = {2011},
 isbn = {978-1-4503-0757-4},
 location = {Beijing, China},
 pages = {1283--1284},
 numpages = {2},
 url = {http://doi.acm.org/10.1145/2009916.2010161},
 doi = {http://doi.acm.org/10.1145/2009916.2010161},
 acmid = {2010161},
 publisher = {ACM},
 address = {New York, NY, USA},
 keywords = {community, crowd, monitoring, real-time web},
}