@inproceedings{Kamath:2013:SDO:2488388.2488447,
    address = {Republic and Canton of Geneva, Switzerland},
    author = {Kamath, Krishna Y. and Caverlee, James and Lee, Kyumin and Cheng, Zhiyuan},
    booktitle = {Proceedings of the 22nd international conference on World Wide Web},
    keywords = {analysis, geo-tagged, impact, media, social, spatial, spatio, spatio-temporal, temporal, tweets, www13},
    location = {Rio de Janeiro, Brazil},
    pages = {667--678},
    posted-at = {2013-06-11 18:16:21},
    priority = {2},
    publisher = {International World Wide Web Conferences Steering Committee},
    series = {WWW '13},
    title = {{Spatio-temporal dynamics of online memes: a study of geo-tagged tweets}},
    url = {http://dl.acm.org/citation.cfm?id=2488388.2488447},
    year = {2013}
}
