@inproceedings{DBLP:conf/www/KamathPC13,
  author    = {Krishna Yeswanth Kamath and
               Ana-Maria Popescu and
               James Caverlee},
  title     = {Board coherence in Pinterest: non-visual aspects of a visual
               site},
  booktitle = {WWW (Companion Volume)},
  year      = {2013},
  pages     = {49-50},
  ee        = {http://dl.acm.org/citation.cfm?id=2487806},
  crossref  = {DBLP:conf/www/2013c},
  bibsource = {DBLP, http://dblp.uni-trier.de}
}