@inproceedings{Liang:2013:BCE:2481492.2481503,
 author = {Liang, Yuan and Caverlee, James and Cheng, Zhiyuan and Kamath, Krishna Y.},
 title = {How big is the crowd?: event and location based population modeling in social media},
 booktitle = {Proceedings of the 24th ACM Conference on Hypertext and Social Media},
 series = {HT '13},
 year = {2013},
 isbn = {978-1-4503-1967-6},
 location = {Paris, France},
 pages = {99--108},
 numpages = {10},
 url = {http://doi.acm.org/10.1145/2481492.2481503},
 doi = {10.1145/2481492.2481503},
 acmid = {2481503},
 publisher = {ACM},
 address = {New York, NY, USA},
}