@inproceedings{Chen:2007:density,
 author = {Chen, Yixin and Tu, Li},
 title = {Density-based clustering for real-time stream data},
 booktitle = {Proceedings of the 13th ACM SIGKDD international conference on Knowledge discovery and data mining},
 series = {KDD '07},
 year = {2007},
 isbn = {978-1-59593-609-7},
 location = {San Jose, California, USA},
 pages = {133--142},
 numpages = {10},
 url = {http://doi.acm.org/10.1145/1281192.1281210},
 doi = {http://doi.acm.org/10.1145/1281192.1281210},
 acmid = {1281210},
 publisher = {ACM},
 address = {New York, NY, USA},
 keywords = {d-stream, density-based clustering, sporadic grids, stream data mining},
}

@inproceedings{Dubinko:2006:tags,
 author = {Dubinko, Micah and Kumar, Ravi and Magnani, Joseph and Novak, Jasmine and Raghavan, Prabhakar and Tomkins, Andrew},
 title = {Visualizing tags over time},
 booktitle = {Proceedings of the 15th international conference on World Wide Web},
 series = {WWW '06},
 year = {2006},
 isbn = {1-59593-323-9},
 location = {Edinburgh, Scotland},
 pages = {193--202},
 numpages = {10},
 url = {http://doi.acm.org/10.1145/1135777.1135810},
 doi = {http://doi.acm.org/10.1145/1135777.1135810},
 acmid = {1135810},
 publisher = {ACM},
 address = {New York, NY, USA},
 keywords = {Flickr, interval covering, social media, tags, temporal evolution, visualization},
} 

@article{Dongen:2000:mcl,
author = {S. Van Dongen},
title = {Graph clustering by flow simulation},
journal = {Mathematics in Computer Science},
year = {2000},
masid = {1330996}
}
@article{Watts:2011:twitter, 
title={Who Says What to Whom on Twitter Categories and Subject Descriptors},
 url={http://www.mendeley.com/research/says-whom-twitter-categories-subject-descriptors/}, 
journal={Communication}, 
author={Wu, Shaomei and Hofman, Jake M and Watts, Duncan J and Mason, Winter A}, 
year={2011}}

@techreport{Misra:1982:fi,
 author = {Misra, Jayadev and Gries, David},
 title = {Finding Repeated Elements},
 year = {1982},
 source = {http://www.ncstrl.org:8900/ncstrl/servlet/search?formname=detail\&id=oai%3Ancstrlh%3Acornellcs%3ACORNELLCS%3ATR82-505},
 publisher = {Cornell University},
 address = {Ithaca, NY, USA},
} 

@misc{Manku:2002:fi,
    author = {Manku, G. S. and Motwani, R.},
    keywords = {approximate, data-streams, lossy-counting, yrbcn},
    priority = {2},
    title = {{Approximate frequency counts over data streams}},
    url = {http://citeseerx.ist.psu.edu/viewdoc/summary?doi=10.1.1.9.2185},
    year = {2002}
}

@INPROCEEDINGS{Metwally:2005:fi,
    author = {Ahmed Metwally and Divyakant Agrawal and Amr El Abbadi},
    title = { Efficient Computation of Frequent and Top-k Elements in Data Streams},
    booktitle = {IN ICDT},
    year = {2005},
    pages = {398--412},
    publisher = {}
}

@INPROCEEDINGS{Greenwald:2001:fi,
    author = {Michael Greenwald and Sanjeev Khanna},
    title = {Space-Efficient Online Computation of Quantile Summaries},
    booktitle = {In SIGMOD},
    year = {2001},
    pages = {58--66}
}

@INPROCEEDINGS{Shrivastava:2004:fi,
    author = {Nisheeth Shrivastava and Chiranjeeb Buragohain and Divyakant Agrawal and Subhash Suri},
    title = {Medians and Beyond: New Aggregation Techniques for Sensor Networks},
    booktitle = {},
    year = {2004},
    pages = {239--249},
    publisher = {ACM Press}
}

@inproceedings{Charikar:2002:fi,
 author = {Charikar, Moses and Chen, Kevin and Farach-Colton, Martin},
 title = {Finding Frequent Items in Data Streams},
 booktitle = {Proceedings of the 29th International Colloquium on Automata, Languages and Programming},
 series = {ICALP '02},
 year = {2002},
 isbn = {3-540-43864-5},
 pages = {693--703},
 numpages = {11},
 url = {http://portal.acm.org/citation.cfm?id=646255.684566},
 acmid = {684566},
 publisher = {Springer-Verlag},
 address = {London, UK, UK},
} 

@MISC{Datar:2002:fi,
    author = {Mayur Datar and Aristides Gionis and Piotr Indyk and Rajeev Motwani},
    title = {Maintaining Stream Statistics over Sliding Windows (Extended Abstract)},
    year = {2002}
}

@INPROCEEDINGS{Arasu:2004:fi,
    author = {Arvind Arasu},
    title = {Approximate counts and quantiles over sliding windows},
    booktitle = {In PODS},
    year = {2004},
    pages = {286--296}
}

@inproceedings{Lee:2006:fi,
 author = {Lee, L. K. and Ting, H. F.},
 title = {A simpler and more efficient deterministic scheme for finding frequent items over sliding windows},
 booktitle = {Proceedings of the twenty-fifth ACM SIGMOD-SIGACT-SIGART symposium on Principles of database systems},
 series = {PODS '06},
 year = {2006},
 isbn = {1-59593-318-2},
 location = {Chicago, IL, USA},
 pages = {290--297},
 numpages = {8},
 url = {http://doi.acm.org/10.1145/1142351.1142393},
 doi = {http://doi.acm.org/10.1145/1142351.1142393},
 acmid = {1142393},
 publisher = {ACM},
 address = {New York, NY, USA},
 keywords = {data mining, frequent items, network monitoring, streaming algorithms},
} 

@INPROCEEDINGS{Cormode:2008:fi, 
author={Cormode, G. and Korn, F. and Tirthapura, S.}, 
booktitle={Data Engineering, 2008. ICDE 2008. IEEE 24th International Conference on}, title={Exponentially Decayed Aggregates on Data Streams}, 
year={2008}, 
month=april, 
volume={}, 
number={}, 
pages={1379 -1381}, 
keywords={computational complexity;data stream summary;data structure;decay function;exponentially decayed aggregate computation;q-digest;query processing;space-saving algorithm;tuple sequence;computational complexity;data structures;database management systems;query processing;}, 
doi={10.1109/ICDE.2008.4497562}, 
ISSN={},}

@article{Cormode:2010:fi_survey,
 author = {Cormode, Graham and Hadjieleftheriou, Marios},
 title = {Methods for finding frequent items in data streams},
 journal = {The VLDB Journal},
 volume = {19},
 issue = {1},
 month = {February},
 year = {2010},
 issn = {1066-8888},
 pages = {3--20},
 numpages = {18},
 url = {http://dx.doi.org/10.1007/s00778-009-0172-z},
 doi = {http://dx.doi.org/10.1007/s00778-009-0172-z},
 acmid = {1731356},
 publisher = {Springer-Verlag New York, Inc.},
 address = {Secaucus, NJ, USA},
} 

@INPROCEEDINGS{Sanderson:1999:concept,
    author = {Mark Sanderson and Bruce Croft},
    title = {Deriving Concept Hierarchies From Text},
    booktitle = {In Proceedings of the 22nd annual international ACM SIGIR conference on Research and Development in Information Retrieval},
    year = {1999},
    pages = {206--213}
}

@BOOK{joao:2010:kdd,
   author = "Joao Gama",
   title= "Knowledge Discovery from Data Streams",
   publisher = "Joao Gama",
   year = 2010
   }


