@inproceedings{Khabiri2012Predicting-sema,
	Acmid = {2310034},
	Address = {New York, NY, USA},
	Author = {Khabiri, Elham and Caverlee, James and Kamath, Krishna Y.},
	Booktitle = {Proceedings of the 23rd ACM conference on Hypertext and social media},
	Date-Added = {2012-08-29 04:07:36 +0000},
	Date-Modified = {2012-08-29 04:07:40 +0000},
	Doi = {10.1145/2309996.2310034},
	Isbn = {978-1-4503-1335-3},
	Keywords = {annotation, semantic},
	Location = {Milwaukee, Wisconsin, USA},
	Numpages = {10},
	Pages = {219--228},
	Publisher = {ACM},
	Series = {HT '12},
	Title = {Predicting semantic annotations on the real-time web},
	Url = {http://doi.acm.org/10.1145/2309996.2310034},
	Year = {2012},
	Bdsk-Url-1 = {http://doi.acm.org/10.1145/2309996.2310034},
	Bdsk-Url-2 = {http://dx.doi.org/10.1145/2309996.2310034}}
