@inproceedings{Kamath:2011:TCD:1935826.1935909,
 author = {Kamath, Krishna Yeshwanth and Caverlee, James},
 title = {Transient crowd discovery on the real-time social web},
 booktitle = {Proceedings of the fourth ACM international conference on Web search and data mining},
 series = {WSDM '11},
 year = {2011},
 isbn = {978-1-4503-0493-1},
 location = {Hong Kong, China},
 pages = {585--594},
 numpages = {10},
 url = {http://doi.acm.org/10.1145/1935826.1935909},
 doi = {http://doi.acm.org/10.1145/1935826.1935909},
 acmid = {1935909},
 publisher = {ACM},
 address = {New York, NY, USA},
 keywords = {clustering, community detection, real-time web, social media},
}
