%% This BibTeX bibliography file was created using BibDesk.
%% http://bibdesk.sourceforge.net/


%% Created for Krishna Kamath at 2013-02-09 17:31:05 -0600 


%% Saved with string encoding Unicode (UTF-8) 



@inproceedings{Kamath:2012:SIV:2396761.2396883,
	Acmid = {2396883},
	Address = {New York, NY, USA},
	Author = {Kamath, Krishna Y. and Caverlee, James and Cheng, Zhiyuan and Sui, Daniel Z.},
	Booktitle = {Proceedings of the 21st ACM international conference on Information and knowledge management},
	Date-Added = {2013-02-09 23:31:03 +0000},
	Date-Modified = {2013-02-09 23:31:03 +0000},
	Doi = {10.1145/2396761.2396883},
	Isbn = {978-1-4503-1156-4},
	Keywords = {information diffusion models, social media, virtual communities},
	Location = {Maui, Hawaii, USA},
	Numpages = {10},
	Pages = {962--971},
	Publisher = {ACM},
	Series = {CIKM '12},
	Title = {Spatial influence vs. community influence: modeling the global spread of social media},
	Url = {http://doi.acm.org/10.1145/2396761.2396883},
	Year = {2012},
	Bdsk-Url-1 = {http://doi.acm.org/10.1145/2396761.2396883},
	Bdsk-Url-2 = {http://dx.doi.org/10.1145/2396761.2396883}}
