%% This BibTeX bibliography file was created using BibDesk.
%% http://bibdesk.sourceforge.net/


%% Created for Krishna Kamath at 2013-02-09 17:32:11 -0600 


%% Saved with string encoding Unicode (UTF-8) 



@inproceedings{Kamath:2012:CCR:2396761.2396789,
	Acmid = {2396789},
	Address = {New York, NY, USA},
	Author = {Kamath, Krishna Y. and Caverlee, James},
	Booktitle = {Proceedings of the 21st ACM international conference on Information and knowledge management},
	Date-Added = {2013-02-09 23:32:09 +0000},
	Date-Modified = {2013-02-09 23:32:09 +0000},
	Doi = {10.1145/2396761.2396789},
	Isbn = {978-1-4503-1156-4},
	Keywords = {clustering, community detection, real-time web, social media},
	Location = {Maui, Hawaii, USA},
	Numpages = {10},
	Pages = {195--204},
	Publisher = {ACM},
	Series = {CIKM '12},
	Title = {Content-based crowd retrieval on the real-time web},
	Url = {http://doi.acm.org/10.1145/2396761.2396789},
	Year = {2012},
	Bdsk-Url-1 = {http://doi.acm.org/10.1145/2396761.2396789},
	Bdsk-Url-2 = {http://dx.doi.org/10.1145/2396761.2396789}}
