@inproceedings{Kamath:2010:IHR:1871437.1871742,
 author = {Kamath, Krishna Yeswanth and Caverlee, James},
 title = {Identifying hotspots on the real-time web},
 booktitle = {Proceedings of the 19th ACM international conference on Information and knowledge management},
 series = {CIKM '10},
 year = {2010},
 isbn = {978-1-4503-0099-5},
 location = {Toronto, ON, Canada},
 pages = {1837--1840},
 numpages = {4},
 url = {http://doi.acm.org/10.1145/1871437.1871742},
 doi = {http://doi.acm.org/10.1145/1871437.1871742},
 acmid = {1871742},
 publisher = {ACM},
 address = {New York, NY, USA},
 keywords = {clustering, graph, real-time, social},
}
