@inproceedings{1810642,
 author = {Kashoob, Said and Caverlee, James and Kamath, Krishna},
 title = {Community-based ranking of the social web},
 booktitle = {HT '10: Proceedings of the 21st ACM conference on Hypertext and hypermedia},
 year = {2010},
 isbn = {978-1-4503-0041-4},
 pages = {141--150},
 location = {Toronto, Ontario, Canada},
 doi = {http://doi.acm.org/10.1145/1810617.1810642},
 publisher = {ACM},
 address = {New York, NY, USA},
 }
