@inproceedings{Cheng:2011:TTL:2063576.2063693,
 author = {Cheng, Zhiyuan and Caverlee, James and Kamath, Krishna Yeswanth and Lee, Kyumin},
 title = {Toward traffic-driven location-based web search},
 booktitle = {Proceedings of the 20th ACM international conference on Information and knowledge management},
 series = {CIKM '11},
 year = {2011},
 isbn = {978-1-4503-0717-8},
 location = {Glasgow, Scotland, UK},
 pages = {805--814},
 numpages = {10},
 url = {http://doi.acm.org/10.1145/2063576.2063693},
 doi = {10.1145/2063576.2063693},
 acmid = {2063693},
 publisher = {ACM},
 address = {New York, NY, USA},
 keywords = {checkin, location-based search, spatio-temporal data mining, traffic pattern},
} 
