@inproceedings{Kamath:2011:DTP:2063576.2063937,
 author = {Kamath, Krishna Y. and Caverlee, James},
 title = {Discovering trending phrases on information streams},
 booktitle = {Proceedings of the 20th ACM international conference on Information and knowledge management},
 series = {CIKM '11},
 year = {2011},
 isbn = {978-1-4503-0717-8},
 location = {Glasgow, Scotland, UK},
 pages = {2245--2248},
 numpages = {4},
 url = {http://doi.acm.org/10.1145/2063576.2063937},
 doi = {10.1145/2063576.2063937},
 acmid = {2063937},
 publisher = {ACM},
 address = {New York, NY, USA},
 keywords = {real-time web, social media, trending phrases},
}