@article{Bainbridge:2010:UDP,
 author = {Bainbridge, David and Novak, Brook J. and Cunningham, Sally Jo},
 title = {A user-centered design of a personal digital library for music exploration},
 booktitle = {Proceedings of the 10th annual joint conference on Digital libraries},
 series = {JCDL '10},
 year = {2010},
 isbn = {978-1-4503-0085-8},
 location = {Gold Coast, Queensland, Australia},
 pages = {149--158},
 numpages = {10},
 url = {http://doi.acm.org/10.1145/1816123.1816145},
 doi = {http://doi.acm.org/10.1145/1816123.1816145},
 acmid = {1816145},
 publisher = {ACM},
 address = {New York, NY, USA},
 keywords = {music composition, personal digital music library, spatial hypermedia},
} 

@inproceedings{Farzan:2008:go,
 author = {Farzan, Rosta and Brusilovsky, Peter},
 title = {Where did the researchers go?: supporting social navigation at a large academic},
 booktitle = {Proceedings of the nineteenth ACM conference on Hypertext and hypermedia},
 series = {HT '08},
 year = {2008},
 isbn = {978-1-59593-985-2},
 location = {Pittsburgh, PA, USA},
 pages = {203--212},
 numpages = {10},
 url = {http://doi.acm.org/10.1145/1379092.1379131},
 doi = {http://doi.acm.org/10.1145/1379092.1379131},
 acmid = {1379131},
 publisher = {ACM},
 address = {New York, NY, USA},
 keywords = {community wisdom, explicit feedback, social navigation},
}