@inproceedings{lee2012detecting,
  title={Detecting collective attention spam},
  author={Lee, K. and Caverlee, J. and Kamath, K.Y. and Cheng, Z.},
  booktitle={Proceedings of the 2nd Joint WICOW/AIRWeb Workshop on Web Quality},
  pages={48--55},
  year={2012},
  organization={ACM}
}